<collection xmlns="http://www.loc.gov/MARC21/slim">
<record>
  <leader>02401nam0a2200469 i 450 </leader>
  <controlfield tag="001">IT\ICCU\CNCE\002873</controlfield>
  <controlfield tag="005">20141008000000.0</controlfield>
  <datafield tag="012" ind1=" " ind2=" ">
    <subfield code="a">u-it inat e.u* tesi (3) 1506 (A)</subfield>
    <subfield code="2">fei</subfield>
  </datafield>
  <datafield tag="100" ind1=" " ind2=" ">
    <subfield code="a">19970101d1506        0itac0103    ba</subfield>
  </datafield>
  <datafield tag="101" ind1=" " ind2=" ">
    <subfield code="a">LAT</subfield>
  </datafield>
  <datafield tag="102" ind1=" " ind2=" ">
    <subfield code="a">IT</subfield>
  </datafield>
  <datafield tag="200" ind1="1" ind2=" ">
    <subfield code="a">Ethica Aristotelis</subfield>
  </datafield>
  <datafield tag="210" ind1=" " ind2=" ">
    <subfield code="e">Impressum Venetiis</subfield>
    <subfield code="g">per Iacobum Pencium de Leuco</subfield>
    <subfield code="h">1506</subfield>
  </datafield>
  <datafield tag="215" ind1=" " ind2=" ">
    <subfield code="a">159, \1! c.,</subfield>
    <subfield code="c">ill.</subfield>
    <subfield code="d">8ʻ</subfield>
  </datafield>
  <datafield tag="620" ind1=" " ind2=" ">
    <subfield code="a">IT</subfield>
    <subfield code="d">Venezia</subfield>
  </datafield>
  <datafield tag="700" ind1=" " ind2="0">
    <subfield code="a">Aristoteles</subfield>
    <subfield code="3">IT\ICCU\CNCA\000006</subfield>
  </datafield>
  <datafield tag="702" ind1=" " ind2="1">
    <subfield code="a">Argyropoulos,</subfield>
    <subfield code="b">Iohannes</subfield>
    <subfield code="3">IT\ICCU\CNCA\001056</subfield>
  </datafield>
  <datafield tag="712" ind1="0" ind2="0">
    <subfield code="a">Penzio, Giacomo</subfield>
    <subfield code="3">IT\ICCU\CNCT\000345</subfield>
    <subfield code="4">650</subfield>
  </datafield>
  <datafield tag="790" ind1=" " ind2="0">
    <subfield code="a">Aristotele</subfield>
    <subfield code="3">IT\ICCU\CNCA\018928</subfield>
    <subfield code="z">Aristoteles</subfield>
  </datafield>
  <datafield tag="790" ind1=" " ind2="1">
    <subfield code="a">Argiropulo,</subfield>
    <subfield code="b">Giovanni</subfield>
    <subfield code="3">IT\ICCU\CNCA\028652</subfield>
    <subfield code="z">Argyropoulos, Iohannes</subfield>
  </datafield>
  <datafield tag="790" ind1=" " ind2="1">
    <subfield code="a">Argyropulos,</subfield>
    <subfield code="b">Iohannes</subfield>
    <subfield code="3">IT\ICCU\CNCA\028653</subfield>
    <subfield code="z">Argyropoulos, Iohannes</subfield>
  </datafield>
  <datafield tag="790" ind1=" " ind2="1">
    <subfield code="a">Arguropoulos,</subfield>
    <subfield code="b">Ioannes</subfield>
    <subfield code="3">IT\ICCU\CNCA\028654</subfield>
    <subfield code="z">Argyropoulos, Iohannes</subfield>
  </datafield>
  <datafield tag="791" ind1="0" ind2="0">
    <subfield code="a">Pencio, Giacomo</subfield>
    <subfield code="3">IT\ICCU\CNCT\002482</subfield>
    <subfield code="z">Penzio, Giacomo</subfield>
  </datafield>
  <datafield tag="791" ind1="0" ind2="2">
    <subfield code="a">Iacobus de Leuco</subfield>
    <subfield code="3">IT\ICCU\CNCT\002483</subfield>
    <subfield code="z">Penzio, Giacomo</subfield>
  </datafield>
  <datafield tag="791" ind1="0" ind2="0">
    <subfield code="a">Pentius, Iacobus</subfield>
    <subfield code="3">IT\ICCU\CNCT\002484</subfield>
    <subfield code="z">Penzio, Giacomo</subfield>
  </datafield>
  <datafield tag="791" ind1="0" ind2="2">
    <subfield code="a">Iacobo da Lecco</subfield>
    <subfield code="3">IT\ICCU\CNCT\002485</subfield>
    <subfield code="z">Penzio, Giacomo</subfield>
  </datafield>
  <datafield tag="791" ind1="0" ind2="0">
    <subfield code="a">Pencius, Iacobus</subfield>
    <subfield code="3">IT\ICCU\CNCT\005360</subfield>
    <subfield code="z">Penzio, Giacomo</subfield>
  </datafield>
  <datafield tag="791" ind1="0" ind2="0">
    <subfield code="a">Pentio, Iacomo</subfield>
    <subfield code="3">IT\ICCU\CNCT\005362</subfield>
    <subfield code="z">Penzio, Giacomo</subfield>
  </datafield>
  <datafield tag="791" ind1="0" ind2="0">
    <subfield code="a">Penzi, Iacomo di</subfield>
    <subfield code="3">IT\ICCU\CNCT\005364</subfield>
    <subfield code="z">Penzio, Giacomo</subfield>
  </datafield>
  <datafield tag="791" ind1="0" ind2="0">
    <subfield code="a">Penci, Iacobo de</subfield>
    <subfield code="3">IT\ICCU\CNCT\005366</subfield>
    <subfield code="z">Penzio, Giacomo</subfield>
  </datafield>
  <datafield tag="801" ind1=" " ind2="3">
    <subfield code="a">IT</subfield>
    <subfield code="b">ICCU</subfield>
    <subfield code="c">20201113</subfield>
  </datafield>
  <datafield tag="899" ind1=" " ind2=" ">
    <subfield code="a">Biblioteca civica. Biella</subfield>
    <subfield code="z">MUTILO</subfield>
    <subfield code="1">BI0025</subfield>
    <subfield code="2">BIA BC</subfield>
  </datafield>
  <datafield tag="899" ind1=" " ind2=" ">
    <subfield code="a">Biblioteca universitaria. Cagliari</subfield>
    <subfield code="1">CA0194</subfield>
    <subfield code="2">CAG UC</subfield>
  </datafield>
  <datafield tag="899" ind1=" " ind2=" ">
    <subfield code="a">Biblioteca regionale universitaria. Catania</subfield>
    <subfield code="1">CT0062</subfield>
    <subfield code="2">PAL BC</subfield>
  </datafield>
  <datafield tag="899" ind1=" " ind2=" ">
    <subfield code="a">Biblioteca Apostolica Vaticana. Citt ̉del Vaticano</subfield>
    <subfield code="1">EX0001</subfield>
    <subfield code="2">ZCV 01</subfield>
  </datafield>
  <datafield tag="899" ind1=" " ind2=" ">
    <subfield code="a">Biblioteca statale. Lucca</subfield>
    <subfield code="1">LU0022</subfield>
    <subfield code="2">LUA BL</subfield>
  </datafield>
  <datafield tag="899" ind1=" " ind2=" ">
    <subfield code="a">Biblioteca centrale della Facolt ̉di lettere e filosofia dell&apos;Universit ̉degli studi di Palermo. Palermo</subfield>
    <subfield code="z">MUTILO</subfield>
    <subfield code="1">PA0103</subfield>
    <subfield code="2">ZPA 05</subfield>
  </datafield>
  <datafield tag="899" ind1=" " ind2=" ">
    <subfield code="a">Biblioteca della Facolt ̉Teologica di Sicilia Mons. Cataldo Naro. Palermo</subfield>
    <subfield code="1">PA0257</subfield>
    <subfield code="2">ZPA 03</subfield>
  </datafield>
  <datafield tag="899" ind1=" " ind2=" ">
    <subfield code="a">Biblioteca comunale Passerini Landi. Piacenza</subfield>
    <subfield code="1">PC0030</subfield>
    <subfield code="2">PIA PL</subfield>
  </datafield>
  <datafield tag="899" ind1=" " ind2=" ">
    <subfield code="a">Biblioteca comunale Federiciana. Fano</subfield>
    <subfield code="1">PU0018</subfield>
    <subfield code="2">URB FN</subfield>
  </datafield>
  <datafield tag="899" ind1=" " ind2=" ">
    <subfield code="a">Biblioteca del Liceo ginnasio L. Torricelli. Faenza</subfield>
    <subfield code="1">RA0057</subfield>
    <subfield code="2">ZRA 10</subfield>
  </datafield>
  <datafield tag="899" ind1=" " ind2=" ">
    <subfield code="a">Biblioteca consorziale di Viterbo. Viterbo</subfield>
    <subfield code="z">MUTILO</subfield>
    <subfield code="1">VT0116</subfield>
    <subfield code="2">RMS B3</subfield>
  </datafield>
</record>
</collection>
